@article{wirth1998hardware,
  title={Hardware compilation},
  subtitle={Translating programs into circuits},
  author={Wirth, Niklaus},
  journaltitle={Computer},
  volume={31},
  number={6},
  pages={25--31},
  date={1998},
  publisher={IEEE}
}


@online{wiki:tea,
  author={Wikipedia},
  title={Tiny Encryption Algorithm --- Wikipedia{,} The Free Encyclopedia},
  date={2015},
  url={http://en.wikipedia.org/w/index.php?title=Tiny_Encryption_Algorithm&oldid=646326324},
  urldate={2015-03-19}
}


@manual{verilogintro,
    author={Nyasulu, Peter M and Knight, J},
    title={Introduction to Verilog},
    date={2003-10-01},
    url={http://www.cs.upc.edu/~jordicf/Teaching/secretsofhardware/VerilogIntroduction_Nyasulu.pdf},
    urldate={2015-05-25}
}


@online{wiki:jacobi,
  author={Wikipedia},
  title={Jacobi symbol --- Wikipedia{,} The Free Encyclopedia},
  date={2015},
  url={http://en.wikipedia.org/w/index.php?title=Jacobi_symbol&oldid=649400113},
  urldate={2015-03-19}
}


@online{wiki:iverilog,
    author={{Icarus Verilog Wiki}},
    title={Getting started},
    date={2015},
    url={http://iverilog.wikia.com/wiki/Getting_Started},
    urldate={2015-05-20}
}


// No s√© si cal citar el manual de TikZ (pels diagrames dels circuits).
manual{tikz,
    title={The TikZ and PGF packages},
    author={Tantau, Till and others},
    date={2013-12-20},
    version={3.0.0},
    url={http://mirrors.ctan.org/graphics/pgf/base/doc/pgfmanual.pdf},
    urldate={2015-05-27}
}


