@article{wirth1998hardware,
  title={Hardware compilation},
  subtitle={Translating programs into circuits},
  author={Wirth, Niklaus},
  journaltitle={Computer},
  volume={31},
  number={6},
  pages={25--31},
  date={1998},
  publisher={IEEE}
}


@online{wiki:tea,
  author={Wikipedia},
  title={Tiny Encryption Algorithm --- Wikipedia{,} The Free Encyclopedia},
  date={2015},
  url={http://en.wikipedia.org/w/index.php?title=Tiny_Encryption_Algorithm&oldid=646326324},
  urldate={2015-03-19}
}


@online{wiki:jacobi,
  author={Wikipedia},
  title={Jacobi symbol --- Wikipedia{,} The Free Encyclopedia},
  date={2015},
  url={http://en.wikipedia.org/w/index.php?title=Jacobi_symbol&oldid=649400113},
  urldate={2015-03-19}
}


